% This file was created with JabRef 2.10.
% Encoding: UTF-8


@Article{Gauss1857,
  Title                    = {Theory of the motion of the heavenly bodies moving about the sun in conic sections},
  Author                   = {Carl Friedrich Gauss and Charles Henry Davis},
  Journal                  = {Gauss's Theoria Motus},
  Year                     = {1857},
  Number                   = {1},
  Pages                    = {5--23},
  Volume                   = {76}
}

@article{nascimento2019position,
  title={Position and attitude control of multi-rotor aerial vehicles: A survey},
  author={Nascimento, Tiago P and Saska, Martin},
  journal={Annual Reviews in Control},
  volume={48},
  pages={129--146},
  year={2019},
  publisher={Elsevier}
}
@article{MAREELSMit,
title = {Revisiting the Mit Rule for Adaptive Control},
journal = {IFAC Proceedings Volumes},
volume = {20},
number = {2},
pages = {161-166},
year = {1987},
issn = {1474-6670},
author = {Iven M.Y. Mareels and Brian D.O. Anderson and Robert R. Bitmead and Marc Bodson and Shankar S. Sastry},
}
%doi = {https://doi.org/10.1016/S1474-6670(17)55954-6},
%url = {https://www.sciencedirect.com/science/article/pii/S1474667017559546},

@article{kumar2021rma,
  title={Rma: Rapid motor adaptation for legged robots},
  author={Kumar, Ashish and Fu, Zipeng and Pathak, Deepak and Malik, Jitendra},
  journal = {RSS: Robotics Science and Systems},
  year={2021}
}


@book{aastrom2013adaptive,
  title={Adaptive control},
  author={{\AA}str{\"o}m, Karl J and Wittenmark, Bj{\"o}rn},
  year={2013},
  publisher={Courier Corporation}
}

@incollection{lavretsky2013robust,
  title={Robust adaptive control},
  author={Lavretsky, Eugene and Wise, Kevin A},
  booktitle={Robust and adaptive control},
  pages={317--353},
  year={2013},
  publisher={Springer}
}



@book{hovakimyan2010l1,
  title={L1 adaptive control theory: Guaranteed robustness with fast adaptation},
  author={Hovakimyan, Naira and Cao, Chengyu},
  year={2010},
  publisher={SIAM}
}

@article{cao2008design,
  title={Design and analysis of a novel L1 adaptive control architecture with guaranteed transient performance},
  author={Cao, Chengyu and Hovakimyan, Naira},
  journal={IEEE Transactions on Automatic Control},
  volume={53},
  number={2},
  pages={586--591},
  year={2008},
  publisher={IEEE}
}

@inproceedings{mallikarjunan2012l1,
  title={L1 adaptive controller for attitude control of multirotors},
  author={Mallikarjunan, Srinath and Nesbitt, Bill and Kharisov, Evgeny and Xargay, Enric and Hovakimyan, Naira and Cao, Chengyu},
  booktitle={AIAA guidance, navigation, and control conference},
  pages={4831},
  year={2012}
}

@inproceedings{gregory2009l1,
  title={L1 adaptive control design for NASA AirSTAR flight test vehicle},
  author={Gregory, Irene and Cao, Chengyu and Xargay, Enric and Hovakimyan, Naira and Zou, Xiaotian},
  booktitle={AIAA guidance, navigation, and control conference},
  pages={5738},
  year={2009}
}

@inproceedings{schreier2012modeling,
  title={Modeling and adaptive control of a quadrotor},
  author={Schreier, Matthias},
  booktitle={2012 IEEE international conference on mechatronics and automation},
  pages={383--390},
  year={2012},
  organization={IEEE}
}

@article{hanover2021performance,
  title={Performance, Precision, and Payloads: Adaptive Nonlinear MPC for Quadrotors},
  author={Hanover, Drew and Foehn, Philipp and Sun, Sihao and Kaufmann, Elia and Scaramuzza, Davide},
  journal={IEEE Robotics and Automation Letters},
  volume={7},
  number={2},
  pages={690--697},
  year={2021},
  publisher={IEEE}
}

@inproceedings{pravitra2020,
  title={L1-Adaptive MPPI Architecture for Robust and Agile Control of Multirotors},
  author={Pravitra, Jintasit and Ackerman, Kasey A and Cao, Chengyu and Hovakimyan, Naira and Theodorou, Evangelos A},
  booktitle={2020 IEEE/RSJ International Conference on Intelligent Robots and Systems (IROS)},
  pages={7661--7666},
  year={2020},
  organization={IEEE}
}

@article{faessler2017differential,
  title={Differential flatness of quadrotor dynamics subject to rotor drag for accurate tracking of high-speed trajectories},
  author={Faessler, Matthias and Franchi, Antonio and Scaramuzza, Davide},
  journal={IEEE Robotics and Automation Letters},
  volume={3},
  number={2},
  pages={620--626},
  year={2017},
  publisher={IEEE}
}

@inproceedings{pereida2018adaptive,
  title={Adaptive model predictive control for high-accuracy trajectory tracking in changing conditions},
  author={Pereida, Karime and Schoellig, Angela P},
  booktitle={2018 IEEE/RSJ International Conference on Intelligent Robots and Systems (IROS)},
  pages={7831--7837},
  year={2018},
  organization={IEEE}
}

@article{torrente2021data,
  title={Data-driven mpc for quadrotors},
  author={Torrente, Guillem and Kaufmann, Elia and F{\"o}hn, Philipp and Scaramuzza, Davide},
  journal={IEEE Robotics and Automation Letters},
  volume={6},
  number={2},
  pages={3769--3776},
  year={2021},
  publisher={IEEE}
}

@article{smeur2016adaptive,
  title={Adaptive incremental nonlinear dynamic inversion for attitude control of micro air vehicles},
  author={Smeur, Ewoud JJ and Chu, Qiping and De Croon, Guido CHE},
  journal={Journal of Guidance, Control, and Dynamics},
  volume={39},
  number={3},
  pages={450--461},
  year={2016},
  publisher={American Institute of Aeronautics and Astronautics}
}

@article{hwangbo2017control,
  title={Control of a quadrotor with reinforcement learning},
  author={Hwangbo, Jemin and Sa, Inkyu and Siegwart, Roland and Hutter, Marco},
  journal={IEEE Robotics and Automation Letters},
  volume={2},
  number={4},
  pages={2096--2103},
  year={2017},
  publisher={IEEE}
}

@inproceedings{song2021autonomous,
  title={Autonomous drone racing with deep reinforcement learning},
  author={Song, Yunlong and Steinweg, Mats and Kaufmann, Elia and Scaramuzza, Davide},
  booktitle={2021 IEEE/RSJ International Conference on Intelligent Robots and Systems (IROS)},
  pages={1205--1212},
  year={2021},
  organization={IEEE}
}

@article{kaufmann2022benchmark,
  title={A benchmark comparison of learned control policies for agile quadrotor flight},
  author={Kaufmann, Elia and Bauersfeld, Leonard and Scaramuzza, Davide},
  journal={arXiv preprint arXiv:2202.10796},
  year={2022}
}

@article{koch2019reinforcement,
  title={Reinforcement learning for UAV attitude control},
  author={Koch, William and Mancuso, Renato and West, Richard and Bestavros, Azer},
  journal={ACM Transactions on Cyber-Physical Systems},
  volume={3},
  number={2},
  pages={1--21},
  year={2019},
  publisher={ACM New York, NY, USA}
}

@inproceedings{shi2019neural,
  title={Neural lander: Stable drone landing control using learned dynamics},
  author={Shi, Guanya and Shi, Xichen and O’Connell, Michael and Yu, Rose and Azizzadenesheli, Kamyar and Anandkumar, Animashree and Yue, Yisong and Chung, Soon-Jo},
  booktitle={2019 International Conference on Robotics and Automation (ICRA)},
  pages={9784--9790},
  year={2019},
  organization={IEEE}
}

@article{lambert2019low,
  title={Low-level control of a quadrotor with deep model-based reinforcement learning},
  author={Lambert, Nathan O and Drew, Daniel S and Yaconelli, Joseph and Levine, Sergey and Calandra, Roberto and Pister, Kristofer SJ},
  journal={IEEE Robotics and Automation Letters},
  volume={4},
  number={4},
  pages={4224--4230},
  year={2019},
  publisher={IEEE}
}

@article{belkhale2021model,
  title={Model-based meta-reinforcement learning for flight with suspended payloads},
  author={Belkhale, Suneel and Li, Rachel and Kahn, Gregory and McAllister, Rowan and Calandra, Roberto and Levine, Sergey},
  journal={IEEE Robotics and Automation Letters},
  volume={6},
  number={2},
  pages={1471--1478},
  year={2021},
  publisher={IEEE}
}

@article{pi2021robust,
  title={Robust quadrotor control through reinforcement learning with disturbance compensation},
  author={Pi, Chen-Huan and Ye, Wei-Yuan and Cheng, Stone},
  journal={Applied Sciences},
  volume={11},
  number={7},
  pages={3257},
  year={2021},
  publisher={Multidisciplinary Digital Publishing Institute}
}

@article{neuralfly, author = {Michael O’Connell and Guanya Shi and Xichen Shi and Kamyar Azizzadenesheli and Anima Anandkumar and Yisong Yue and Soon-Jo Chung }, title = {Neural-Fly enables rapid learning for agile flight in strong winds}, journal = {Science Robotics}, volume = {7}, number = {66}, pages = {eabm6597}, year = {2022}}


@article{mueller2019trajectory,
  title={Trajectory generation for aerial multicopters},
  author={Mueller, Mark W and D’Andrea, Raffaello},
  journal={Encyclopedia of Systems and Control},
  year={2019},
  publisher={Springer London}
}

@inproceedings{mellinger2011minimum,
  title={Minimum snap trajectory generation and control for quadrotors},
  author={Mellinger, Daniel and Kumar, Vijay},
  booktitle={2011 IEEE international conference on robotics and automation},
  pages={2520--2525},
  year={2011},
  organization={IEEE}
}

@article{mellinger2012trajectory,
  title={Trajectory generation and control for precise aggressive maneuvers with quadrotors},
  author={Mellinger, Daniel and Michael, Nathan and Kumar, Vijay},
  journal={The International Journal of Robotics Research},
  volume={31},
  number={5},
  pages={664--674},
  year={2012},
  publisher={SAGE Publications Sage UK: London, England}
}

@inproceedings{kaufmann2020RSS,
  title={Deep Drone Acrobatics},
  author={Kaufmann, Elia and Loquercio, Antonio and Ranftl, Ren{\'e} and M{\"u}ller, Matthias and Koltun, Vladlen and Scaramuzza, Davide},
  booktitle={Proceedings of Robotics: Science and Systems}, 
  year={2020}, 
  address={Corvalis, Oregon, USA}, 
  month={July}, 
  doi={10.15607/RSS.2020.XVI.040} 
} 

@article{falanga2018foldable,
  title={The foldable drone: A morphing quadrotor that can squeeze and fly},
  author={Falanga, Davide and Kleber, Kevin and Mintchev, Stefano and Floreano, Dario and Scaramuzza, Davide},
  journal={IEEE Robotics and Automation Letters},
  volume={4},
  number={2},
  pages={209--216},
  year={2018},
  publisher={IEEE}
}

@article{derrouaoui2022adaptive,
  title={Adaptive integral backstepping control of a reconfigurable quadrotor with variable parameters’ estimation},
  author={Derrouaoui, Saddam Hocine and Bouzid, Yasser and Guiatni, Mohamed},
  journal={Proceedings of the Institution of Mechanical Engineers, Part I: Journal of Systems and Control Engineering},
  pages={09596518221087803},
  year={2022},
  publisher={SAGE Publications Sage UK: London, England}
}

@article{svacha2020imu,
  title={Imu-based inertia estimation for a quadrotor using newton-euler dynamics},
  author={Svacha, James and Paulos, James and Loianno, Giuseppe and Kumar, Vijay},
  journal={IEEE Robotics and Automation Letters},
  volume={5},
  number={3},
  pages={3861--3867},
  year={2020},
  publisher={IEEE}
}

@inproceedings{wuest2019online,
  title={Online estimation of geometric and inertia parameters for multirotor aerial vehicles},
  author={W{\"u}est, Valentin and Kumar, Vijay and Loianno, Giuseppe},
  booktitle={2019 International Conference on Robotics and Automation (ICRA)},
  pages={1884--1890},
  year={2019},
  organization={IEEE}
}

@article{yu2017preparing,
  title={Preparing for the unknown: Learning a universal policy with online system identification},
  author={Yu, Wenhao and Tan, Jie and Liu, C Karen and Turk, Greg},
  journal={arXiv preprint arXiv:1702.02453},
  year={2017}
}

@article{forgione2021continuous,
  title={Continuous-time system identification with neural networks: Model structures and fitting criteria},
  author={Forgione, Marco and Piga, Dario},
  journal={European Journal of Control},
  volume={59},
  pages={69--81},
  year={2021},
  publisher={Elsevier}
}

@MISC{BetaFlight,
title = {Betaflight: Open Source Flight Controller Firmware},
howpublished={\url{https://betaflight.com/}}
}

@MISC{PX4,
title = {Open Source Autopilot for Drones: PX4 Autopilot},
howpublished={\url{https://px4.io/}}
}

@article{lee2020learning,
  title={Learning quadrupedal locomotion over challenging terrain},
  author={Lee, Joonho and Hwangbo, Jemin and Wellhausen, Lorenz and Koltun, Vladlen and Hutter, Marco},
  journal={Science robotics},
  volume={5},
  number={47},
  pages={eabc5986},
  year={2020},
  publisher={American Association for the Advancement of Science}
}


@InProceedings{song2020flightmare,
  title= {Flightmare: A Flexible Quadrotor Simulator},
  author={Song, Yunlong and Naji, Selim and Kaufmann, Elia and Loquercio, Antonio and Scaramuzza, Davide},
  booktitle = {Proceedings of the 2020 Conference on Robot Learning},
  pages = {1147--1157},
  year = {2021}
}

@article{schulman2017proximal,
  title={Proximal policy optimization algorithms},
  author={Schulman, John and Wolski, Filip and Dhariwal, Prafulla and Radford, Alec and Klimov, Oleg},
  journal={arXiv preprint arXiv:1707.06347},
  year={2017}
}

@inproceedings{tobin2017domain,
  title={Domain randomization for transferring deep neural networks from simulation to the real world},
  author={Tobin, Josh and Fong, Rachel and Ray, Alex and Schneider, Jonas and Zaremba, Wojciech and Abbeel, Pieter},
  booktitle={2017 IEEE/RSJ international conference on intelligent robots and systems (IROS)},
  pages={23--30},
  year={2017},
  organization={IEEE}
}

@inproceedings{peng2018sim,
  title={Sim-to-real transfer of robotic control with dynamics randomization},
  author={Peng, Xue Bin and Andrychowicz, Marcin and Zaremba, Wojciech and Abbeel, Pieter},
  booktitle={2018 IEEE international conference on robotics and automation (ICRA)},
  pages={3803--3810},
  year={2018},
  organization={IEEE}
}

@inproceedings{SysID,
  author    = {Wenhao Yu and
               Jie Tan and
               C. Karen Liu and
               Greg Turk},
  editor    = {Nancy M. Amato and
               Siddhartha S. Srinivasa and
               Nora Ayanian and
               Scott Kuindersma},
  title     = {Preparing for the Unknown: Learning a Universal Policy with Online
               System Identification},
  booktitle = {Robotics: Science and Systems XIII, Massachusetts Institute of Technology,
               Cambridge, Massachusetts, USA, July 12-16, 2017},
  year      = {2017},
  url       = {http://www.roboticsproceedings.org/rss13/p48.html},
  doi       = {10.15607/RSS.2017.XIII.048},
  timestamp = {Thu, 21 Oct 2021 07:17:25 +0200},
  biburl    = {https://dblp.org/rec/conf/rss/YuTLT17.bib},
  bibsource = {dblp computer science bibliography, https://dblp.org}
}

@article{LTF,
  title={Learning to fly: computational controller design for hybrid UAVs with reinforcement learning},
  author={Xu, Jie and Du, Tao and Foshey, Michael and Li, Beichen and Zhu, Bo and Schulz, Adriana and Matusik, Wojciech},
  journal={ACM Transactions on Graphics (TOG)},
  volume={38},
  number={4},
  pages={1--12},
  year={2019},
  publisher={ACM New York, NY, USA}
}

@inbook{doi:10.2514/6.2009-5738,
author = {Irene Gregory and Chengyu Cao and Enric Xargay and Naira Hovakimyan and Xiaotian Zou},
title = {L1 Adaptive Control Design for NASA AirSTAR Flight Test Vehicle},
booktitle = {AIAA Guidance, Navigation, and Control Conference},
chapter = {},
pages = {},
doi = {10.2514/6.2009-5738},
URL = {https://arc.aiaa.org/doi/abs/10.2514/6.2009-5738},
eprint = {https://arc.aiaa.org/doi/pdf/10.2514/6.2009-5738}
}
